<?xml version="1.0" encoding="UTF-8"?><collection xmlns="http://www.loc.gov/MARC21/slim"><record><leader>00390nam--2200133-i-4500</leader><controlfield tag="001">000008160</controlfield><controlfield tag="002">20161230</controlfield><controlfield tag="005">20161230201027</controlfield><controlfield tag="008">060222s1000------------r-----000-0-eng-d</controlfield><datafield ind1=" " ind2=" " tag="100"><subfield code="a">Bunge, Mario</subfield></datafield><datafield ind1=" " ind2=" " tag="245"><subfield code="a">Scientific research. i: the search for system</subfield></datafield><datafield ind1=" " ind2=" " tag="260"><subfield code="a">Berlin, Springer-verlag, 1967</subfield></datafield><datafield ind1=" " ind2=" " tag="490"><subfield code="a">Studies In The Foundations Methodology And Phi Losophy Of Science</subfield></datafield><datafield ind1=" " ind2=" " tag="852"><subfield code="a">001.8</subfield></datafield></record></collection>